@book{Schiff2007,
 author = {Schiff, J. L.},
 title = {Cellular Automata: A Discrete View of the World (Wiley Series in Discrete Mathematics \& Optimization)},
 isbn = {047016879X, 9780470168790},
} 


@book{Durbin98,
  author = "Durbin, R. and Eddy, S. and Krogh, A. and Mitchison, G.",
  title = "Biological Sequence Analysis: Probabilistic Models of Proteins and Nucleic Acids",
  publisher = "Cambridge University Press",
  address = "Cambridge, UK",
  year = 1998
}
